%% This BibTeX bibliography file was created using BibDesk.
%% http://bibdesk.sourceforge.net/
%% Saved with string encoding Unicode (UTF-8) 
@techreport{ivarsson2010review,
  title={A review of hardware security modules fall 2010},
  author={Ivarsson, Johan and Nilsson, Andreas and Certezza, AB},
  year={2010},
  institution={Technical report, Certezza, 2010}}

@article{HSMPresentationPrices,
 author  = {Schlyter, Jakob},
 title   = {Hardware Security Modules},
 url     = {https://internetstiftelsen.se/docs/hsm-20090529.pdf},
 urldate = {2021-02-23}}

@article{YubiHSM2,
 url     = {https://www.yubico.com/pt/product/yubihsm-2/},
 urldate = {2021-02-23}
}

@article{HSMpriceArticles,
 author  = {Harbaugh, Logan},
 date    = {2009-09-07},
 title   = {Thales nShield Connect offers enterprise-class key management},
 journal = {Network World},
 url     = {http://www.networkworld.com/article/2246758/security/thales-nshield-connect-offers-enterprise-class-key-management.html},
 urldate = {2021-02-23},
 year    = {2009}
}

@inproceedings{wolf2011design,
  title={Design, implementation, and evaluation of a vehicular hardware security module},
  author={Wolf, Marko and Gendrullis, Timo},
  booktitle={International Conference on Information Security and Cryptology},
  pages={302--318},
  year={2011},
  organization={Springer}
}

@article{selvakumaraswamy2016efficient,
  title={Efficient Transmission of PKI Certificates using Elliptic Curve Cryptography and its Variants.},
  author={Selvakumaraswamy, Shivkumar and Govindaswamy, Umamaheswari},
  journal={International Arab Journal of Information Technology (IAJIT)},
  volume={13},
  number={1},
  year={2016}
}

@article{dpaKocher2011,
  title={Introduction to differential power analysis},
  author={Kocher, Paul and Jaffe, Joshua and Jun, Benjamin and Rohatgi, Pankaj},
  journal={Journal of Cryptographic Engineering},
  volume={1},
  number={1},
  pages={5--27},
  year={2011},
  publisher={Springer}
}

@inproceedings{kocher1999differential,
  title={Differential power analysis},
  author={Kocher, Paul and Jaffe, Joshua and Jun, Benjamin},
  booktitle={Annual international cryptology conference},
  pages={388--397},
  year={1999},
  organization={Springer}
}

@inproceedings{fiskiran2002workload,
  title={Workload characterization of elliptic curve cryptography and other network security algorithms for constrained environments},
  author={Fiskiran, Murat and others},
  booktitle={2002 IEEE International Workshop on Workload Characterization},
  pages={127--137},
  year={2002},
  organization={IEEE}
}

@techreport{dang2015secure,
  title={Secure hash standard},
  author={Dang, Quynh H},
  year={2015}
}

@inproceedings{mahto2016security,
  title={Security analysis of elliptic curve cryptography and RSA},
  author={Mahto, Dindayal and Khan, Danish Ali and Yadav, Dilip Kumar},
  booktitle={Proceedings of the world congress on engineering},
  volume={1},
  pages={419--422},
  year={2016}
}

@article{rescorla2018transport,
  title={The transport layer security (TLS) protocol version 1.3},
  author={Rescorla, Eric and Dierks, Tim},
  year={2018},
  publisher={RFC 8446, DOI 10.17487/RFC8446, August 2018,< https://www. rfc-editor. org~…}
}

@article{smartfusionDatasheet, 
 author= "Microsemi",
 title   = {DS0128 Datasheet IGLOO2 FPGA and SmartFusion2 SoC FPGA},
 year = {2018}}

@article{smartfusionSecurityPractices, 
 author= "Microsemi",
 title   = {User Guide SmartFusion2 and IGLOO2 FPGA Security and Best Practices},
 year = {2019}}

@article{nistRecommendations,
  title={Nist special publication 800-57 part 1, revision 5},
  author={Barker, Elaine},
  journal={NIST, Tech. Rep},
  year={2020}
}

@article{aesmodes,
  title={Evaluation of some blockcipher modes of operation},
  author={Rogaway, Phillip},
  journal={Cryptography Research and Evaluation Committees (CRYPTREC) for the Government of Japan},
  year={2011}}

@inproceedings{paddingoracle,
  title={Practical Padding Oracle Attacks.},
  author={Rizzo, Juliano and Duong, Thai},
  booktitle={WOOT},
  year={2010}}

@inproceedings{endtoend,
  title={End-to-end encrypted messaging protocols: An overview},
  author={Ermoshina, Ksenia and Musiani, Francesca and Halpin, Harry},
  booktitle={International Conference on Internet Science},
  pages={244--254},
  year={2016},
  organization={Springer}}

@inproceedings{pixelvault,
  title={PixelVault: Using GPUs for securing cryptographic operations},
  author={Vasiliadis, Giorgos and Athanasopoulos, Elias and Polychronakis, Michalis and Ioannidis, Sotiris},
  booktitle={Proceedings of the 2014 ACM SIGSAC Conference on Computer and Communications Security},
  pages={1131--1142},
  year={2014}}

@inproceedings{openhsm,
  title={OpenHSM: An open key life cycle protocol for public key infrastructure’s hardware security modules},
  author={Martina, Jean Everson and de Souza, Tulio Cicero Salvaro and Custodio, Ricardo Felipe},
  booktitle={European Public Key Infrastructure Workshop},
  pages={220--235},
  year={2007},
  organization={Springer}}

@article{tlsintegration,
  title={Integration of hardware security modules into a deeply embedded TLS stack},
  author={Kehret, Oliver and Walz, Andreas and Sikora, Axel},
  journal={International Journal of Computing},
  volume={15},
  number={1},
  pages={22--30},
  year={2016}}

@inproceedings{iothardware,
  title={Hardware-secured and transparent multi-stakeholder data exchange for industrial IoT},
  author={Lesjak, Christian and Bock, Holger and Hein, Daniel and Maritsch, Martin},
  booktitle={2016 IEEE 14th International Conference on Industrial Informatics (INDIN)},
  pages={706--713},
  year={2016},
  organization={IEEE}}

@article{trustediaashsm,
  title={A trusted iaas environment with hardware security module},
  author={Seol, Jinho and Jin, Seongwook and Lee, Daewoo and Huh, Jaehyuk and Maeng, Seungryoul},
  journal={IEEE Transactions on Services Computing},
  volume={9},
  number={3},
  pages={343--356},
  year={2015},
  publisher={IEEE}}

@article{smartfusionPrice,
 title   = {M2S090TS-EVAL-KIT pricing},
 journal = {Mouser Electronics},
 url     = {https://eu.mouser.com/ProductDetail/Microchip-Microsemi/M2S090TS-EVAL-KIT/?qs=HNBw3F7vE2zzRkt03XBdWg%3D%3D},
 urldate = {2021-02-02}}

@article{HackerNewsBezos,
 author  = {Kumar, Mohit},
 date    = {2020-01-22},
 title   = {Saudi Prince Allegedly Hacked World's Richest Man Jeff Bezos Using WhatsApp},
 journal = {The Hacker News},
 url     = {https://thehackernews.com/2020/01/saudi-prince-allegedly-hacked-worlds.html},
 urldate = {2020-05-05},
 year    = {2020}}

@article{GuardianBezos,
 author  = {Kirchgaessner, Stephanie},
 date    = {2020-01-22},
 title   = {Jeff Bezos hack: Amazon boss's phone 'hacked by Saudi crown prince'},
 journal = {The Guardian},
 url     = {https://www.theguardian.com/technology/2020/jan/21/amazon-boss-jeff-bezoss-phone-hacked-by-saudi-crown-prince},
 urldate = {2020-05-05}}

@article{eccoverrsa,
  title={Ecc over rsa for asymmetric encryption: A review},
  author={Gupta, Kamlesh and Silakari, Sanjay},
  journal={International Journal of Computer Science Issues (IJCSI)},
  volume={8},
  number={3},
  pages={370},
  year={2011},
  publisher={Citeseer}}

@inproceedings{ciphertextstealing,
  title={The security of ciphertext stealing},
  author={Rogaway, Phillip and Wooding, Mark and Zhang, Haibin},
  booktitle={International Workshop on Fast Software Encryption},
  pages={180--195},
  year={2012},
  organization={Springer}}

@article{digitalsignatures,
  title={Security arguments for digital signatures and blind signatures},
  author={Pointcheval, David and Stern, Jacques},
  journal={Journal of cryptology},
  volume={13},
  number={3},
  pages={361--396},
  year={2000},
  publisher={Springer}}

@inproceedings{parrinha2017flexible,
  title={Flexible and low-cost HSM based on non-volatile FPGAs},
  author={Parrinha, Diogo and Chaves, Ricardo},
  booktitle={2017 International Conference on ReConFigurable Computing and FPGAs (ReConFig)},
  pages={1--8},
  year={2017},
  organization={IEEE}}

@Inbook{cyberphysicalsystems,
author="Feller, Thomas",
title="Towards Trustworthy Cyber-Physical Systems",
bookTitle="Trustworthy Reconfigurable Systems: Enhancing the Security Capabilities of Reconfigurable Hardware Architectures",
year="2014",
publisher="Springer Fachmedien Wiesbaden",
address="Wiesbaden",
pages="85--136",
abstract="Cyber-physical systems are almost omnipresent in our daily life and are increasingly used to process security-sensitive data. Their complexity requires effective mechanisms to assess the trustworthiness of devices for this use-case. Users of these systems tend to imply the correctness and trustworthiness of utilized devices due to the lacking capabilities in providing information about the authenticity of devices. Moreover, service providers need to protect their own assets before access to security-sensitive data is granted. Consequently, solutions leading towards trustworthy cyber-physical systems are required.",
isbn="978-3-658-07005-2"}

@article{smartfusion2soc, 
 author= "Microsemi",
 title   = {Specify and Program Security Settings and Keys with SmartFusion2 and IGLOO2 FPGAs},
 year = {2013}}

@inproceedings{embtls,
  author    = {Artem Yushev and Andreas Walz and Axel Sikora},
  title     = {Securing Embedded Communication with TLS1.2},
  series = {Embedded world conference 2015, Nuremberg, 24.-26. Feb. 2015},
  year      = {2015},
  language  = {en}}

@inproceedings{lesjaktls,
  title={Securing smart maintenance services: Hardware-security and TLS for MQTT},
  author={Lesjak, Christian and Hein, Daniel and Hofmann, Michael and Maritsch, Martin and Aldrian, Andreas and Priller, Peter and Ebner, Thomas and Ruprechter, Thomas and Pregartner, G{\"u}nther},
  booktitle={2015 IEEE 13th international conference on industrial informatics (INDIN)},
  pages={1243--1250},
  year={2015},
  organization={IEEE}}

@inproceedings{pkcs11analysis,
  title={Formal analysis of PKCS\# 11},
  author={Delaune, St{\'e}phanie and Kremer, Steve and Steel, Graham},
  booktitle={2008 21st IEEE Computer Security Foundations Symposium},
  pages={331--344},
  year={2008},
  organization={IEEE}}

@inproceedings{muller2011tresor,
  title={TRESOR Runs Encryption Securely Outside RAM.},
  author={M{\"u}ller, Tilo and Freiling, Felix C and Dewald, Andreas},
  booktitle={USENIX Security Symposium},
  volume={17},
  year={2011}}

@inproceedings{garmany2013prime,
  title={PRIME: private RSA infrastructure for memory-less encryption},
  author={Garmany, Behrad and M{\"u}ller, Tilo},
  booktitle={Proceedings of the 29th Annual Computer Security Applications Conference},
  pages={149--158},
  year={2013}}

@article{canim2011biomedical,
  title={Secure management of biomedical data with cryptographic hardware},
  author={Canim, Mustafa and Kantarcioglu, Murat and Malin, Bradley},
  journal={IEEE Transactions on Information Technology in Biomedicine},
  volume={16},
  number={1},
  pages={166--175},
  year={2011},
  publisher={IEEE}}

@article{mcgregor2005protecting,
  title={Protecting cryptographic keys and computations via virtual secure coprocessing},
  author={McGregor, John P and Lee, Ruby B},
  journal={ACM SIGARCH Computer Architecture News},
  volume={33},
  number={1},
  pages={16--26},
  year={2005},
  publisher={ACM New York, NY, USA}}

@inproceedings{vai2015securearchitecture,
  title={Secure architecture for embedded systems},
  author={Vai, Michael and Nahill, Ben and Kramer, Josh and Geis, Michael and Utin, Dan and Whelihan, David and Khazan, Roger},
  booktitle={2015 IEEE High Performance Extreme Computing Conference (HPEC)},
  pages={1--5},
  year={2015},
  organization={IEEE}}

@inproceedings{gutmann2001data,
  title={Data Remanence in Semiconductor Devices.},
  author={Gutmann, Peter},
  booktitle={USENIX Security Symposium},
  pages={39--54},
  year={2001}}

@inproceedings{encryptmacorder,
  title={The order of encryption and authentication for protecting communications (or: How secure is SSL?)},
  author={Krawczyk, Hugo},
  booktitle={Annual International Cryptology Conference},
  pages={310--331},
  year={2001},
  organization={Springer}}

@inproceedings{smartcardtls,
  title={Tandem smart cards: enforcing trust for TLS-based network services},
  author={Urien, Pascal and Elrharbi, Simon},
  booktitle={2008 Eighth International Workshop on Applications and Services in Wireless Networks (aswn 2008)},
  pages={96--104},
  year={2008},
  organization={IEEE}}

@inproceedings{modelingPKI,
  title={Modelling a public-key infrastructure},
  author={Maurer, Ueli},
  booktitle={European Symposium on Research in Computer Security},
  pages={325--350},
  year={1996},
  organization={Springer}}

@article{fpgasurvey,
  title={Volatile FPGA design security--a survey},
  author={Drimer, Saar},
  journal={IEEE Computer Society Annual Volume},
  pages={292--297},
  year={2008}}

@inproceedings{drimer2007authentication,
  title={Authentication of FPGA bitstreams: Why and how},
  author={Drimer, Saar},
  booktitle={International Workshop on Applied Reconfigurable Computing},
  pages={73--84},
  year={2007},
  organization={Springer}}
